
@inproceedings{Titsias_04_a,
  title={{B}ayesian {G}aussian process latent variable model},
  author={M. K. Titsias and N. D. Lawrence},
  booktitle = {Artificial Intelligence and Statistics 10},
  year={2010}
}